@article{su2012constrained,
  title={Constrained optimization approaches to estimation of structural models},
  author={Su, Che-Lin and Judd, Kenneth L},
  journal={Econometrica},
  volume={80},
  number={5},
  pages={2213--2230},
  year={2012},
  publisher={Wiley Online Library}
}

@article{dube2012improving,
  title={Improving the numerical performance of static and dynamic aggregate discrete choice random coefficients demand estimation},
  author={Dub{\'e}, Jean-Pierre and Fox, Jeremy T and Su, Che-Lin},
  journal={Econometrica},
  volume={80},
  number={5},
  pages={2231--2267},
  year={2012},
  publisher={Wiley Online Library}
}


@article{weitzman1979optimal,
  title={Optimal Search for the Best Alternative},
  author={Weitzman, Martin L},
  journal={Econometrica: Journal of the Econometric Society},
  pages={641--654},
  year={1979},
  publisher={JSTOR}
}

@article{ursu2023sequential,
  title={The Sequential Search Model: A Framework for Empirical Research},
  author={Ursu, Raluca and Seiler, Stephan and Honka, Elisabeth},
  journal={Available at SSRN 4236738},
  year={2023}
}

@article{lu2014mpec,
  title={An MPEC estimator for misclassification models},
  author={Lu, Ruichang and Luo, Yao and Xiao, Ruli},
  journal={Economics Letters},
  volume={125},
  number={2},
  pages={195--199},
  year={2014},
  publisher={Elsevier}
}

@article{egesdal2015estimating,
  title={Estimating dynamic discrete-choice games of incomplete information},
  author={Egesdal, Michael and Lai, Zhenyu and Su, Che-Lin},
  journal={Quantitative Economics},
  volume={6},
  number={3},
  pages={567--597},
  year={2015},
  publisher={Wiley Online Library}
}

@incollection{honka2019empirical,
  title={Empirical search and consideration sets},
  author={Honka, Elisabeth and Horta{\c{c}}su, Ali and Wildenbeest, Matthijs},
  booktitle={Handbook of the Economics of Marketing},
  volume={1},
  pages={193--257},
  year={2019},
  publisher={Elsevier}
}

@article{kim2010online,
  title={Online demand under limited consumer search},
  author={Kim, Jun B and Albuquerque, Paulo and Bronnenberg, Bart J},
  journal={Marketing science},
  volume={29},
  number={6},
  pages={1001--1023},
  year={2010},
  publisher={INFORMS}
}

@article{jiang2021consumer,
  title={Consumer search and purchase: An empirical investigation of retargeting based on consumer online behaviors},
  author={Jiang, Zhenling and Chan, Tat and Che, Hai and Wang, Youwei},
  journal={Marketing Science},
  volume={40},
  number={2},
  pages={219--240},
  year={2021},
  publisher={INFORMS}
}

@article{elberg2019dynamic,
  title={Dynamic effects of price promotions: Field evidence, consumer search, and supply-side implications},
  author={Elberg, Andr{\'e}s and Gardete, Pedro M and Macera, Rosario and Noton, Carlos},
  journal={Quantitative Marketing and Economics},
  volume={17},
  pages={1--58},
  year={2019},
  publisher={Springer}
}

@article{morozov2023measuring,
  title={Measuring benefits from new products in markets with information frictions},
  author={Morozov, Ilya},
  journal={Management Science},
  volume={69},
  number={11},
  pages={6988--7008},
  year={2023},
  publisher={INFORMS}
}